@misc{FFTW3,
  howpublished = {\url{http://fftw.org/} (elérve: 2023.03.15.)},
  title        = {{FFTW3}},
}
@misc{Gnuplot,
  howpublished = {\url{http://www.gnuplot.info/} (elérve: 2023.03.15.)},
  title        = {{Gnuplot}},
}
